@book{balzert2011,
  	author = {Balzert, Helmut and Schr{\"o}der, Marion and Schaefer, Christian},
 	title = {Wissenschaftliches Arbeiten},
 	subtitle = {Ethik, Inhalt \& Form wiss. Arbeiten, Handwerkszeug, Quellen, Projektmanagement, Pr{\"a}sentation},
 	edition = {2. Auflage},
 	publisher = {W3L},
 	address = {Herdecke, Witten},
  	year = {2011},
  	isbn = {978-3-86834-034-1},

}

@book{franck2013,
  	author = {Franck, Norbert and Stary, Joachim},
	title = {Die Technik wissenschaftlichen Arbeitens: eine praktische Anleitung},
edition = {17. Auflage},
  	address = {Paderborn},
 	publisher = {Sch{\"o}ningh},
  	year = {2013},
	isbn = {978-3-50697-027-5},
}

@misc{rstpo2013,
	author = {HTW Berlin},
	title = {Grunds{\"a}tze f{\"u}r Studien- und Pr{\"u}fungsordnungen f{\"u}r Bachelor- und Masterstudieng{\"a}nge der Hochschule f{\"u}r Technik und Wirtschaft Berlin (AMBL 04/13)},
	year = {2013},
	note = {Online: \url{https://www.htw-berlin.de/fileadmin/HTW/Zentral/Rechtsstelle/Amtliche_Mitteilungsblaetter/2013/04_13.pdf}; letzter Zugriff: 13 VI 19},
	volume = {AMBL 04/13},

}

@misc{wikipedia2019,
	author = {Wikipedia},
	title = {Academic Use},
	year = {2019},
	note = {Online: \url{https://en.wikipedia.org/wiki/Wikipedia:Academic_use}; letzter Zugriff: 13 VI 19},
}


@misc{loriot2,
	author = {Loriot},
	title = {M{\"o}pse und Menschen. Eine Art Biographie. Zurich},
	HOWPUBLISHED = "In: faz.net",
	year = {1983},
	note = {Online: \url{https://media0.faz.net/ppmedia/aktuell/feuilleton/1461387463/1.721778/format_top1_breit/die-steinlaus-trotzt-seit.jpg}; letzter Zugriff: 13 VI 19},
}


@misc{loriot,
	Author = {Loriot},
	Note = {Online: \url{https://www.tagblatt.de/Bilder/Loriots-legendaere-Steinlaus-Loriot-Katalog-1993-2003-125217h.jpg}; letzter Zugriff: 14 VI 19},
	HOWPUBLISHED = "In: tagblatt.de",
	Title = {Steinlaus, Loriot Katalog, Diogenes Verlag, Z\"urich},
	Year = {1993, 2003},
}


@book{bortz2016,
	Address = {Berlin, Heidelberg},
	Author = {D{\"o}ring, N. and Bortz, J. (with P{\"o}schl, S.)},
	Publisher = {{Springer}},
	Title = {{Forschungsmethoden und Evaluation in den Sozial- und Humanwissenschaften}},
	Year = {2016},
}


@misc{acm,
	author = {Association for Computing Machinery (ACM)},
	title = {ACM Code of Ethics and Professional Conduct},
	year = {2018},
	note = {Online: \url{https://www.acm.org/code-of-ethics}; letzter Zugriff: 14 VI 19},
}

@misc{ieee,
	author = {IEEE},
	title = {IEEE Code of Ethics},
	year = {2019},
	note = {Online: \url{https://www.ieee.org/about/corporate/governance/p7-8.html}; letzter Zugriff: 14 VI 19},
}

@misc{gi,
	author = {Gesellschaft f{\"u}r Informatik (GI)},
	title = {Ethische Leitlinien},
	year = {2018},
	note = {Online: \url{https://gi.de/ueber-uns/organisation/unsere-ethischen-leitlinien/}; letzter Zugriff: 14 VI 19},
}

@misc{pschy,
	author = {Pschyrembel online},
	title = {Steinlaus},
	year = {2016},
	note = {Online: \url{https://www.pschyrembel.de/Steinlaus/K0LHT}; letzter Zugriff: 14 VI 19},
}

@misc{iso-2011,
	author = {{ISO}},
	month = {03},
	title = {ISO/IEC 25010:2011},
	url = {https://www.iso.org/standard/35733.html},
	year = {2011},
}

@book{martin-2008,
	author = {Martin, Robert},
	edition = {1},
	publisher = {Pearson},
	title = {Clean Code: A Handbook of Agile Software Craftsmanship},
	year = {2008},
}

@article{smith-1982,
	author = {Smith, Alan Jay},
	doi = {10.1145/356887.356892},
	journal = {ACM Computing Surveys},
	number = {3},
	pages = {473--530},
	title = {Cache Memories},
	volume = {14},
	year = {1982},
}

@article{garlan-2000,
	author = {Garlan, David},
	doi = {10.1145/336512.336537},
	journal = {Proceedings of the conference on The future of Software engineering  - ICSE '00},
	title = {Software architecture},
	year = {2000},
}

@techreport{rfc6455,
  added-at = {2016-04-12T13:27:50.000+0200},
  author = {Alexey Melnikov and Ian Fette},
  biburl = {https://www.bibsonomy.org/bibtex/20ca2a43d416f2e0b90052720400f92ac/ripe},
  howpublished = {Internet Requests for Comments},
  institution = {RFC Editor},
  interhash = {a9ed69aa19a7951d4aa83ad9191088be},
  intrahash = {0ca2a43d416f2e0b90052720400f92ac},
  issn = {2070-1721},
  keywords = {socket.io websockets},
  month = {December},
  note = {\url{http://www.rfc-editor.org/rfc/rfc6455.txt}},
  number = 6455,
  publisher = {RFC Editor},
  timestamp = {2016-04-12T13:27:50.000+0200},
  title = {The WebSocket Protocol},
  type = {RFC},
  url = {http://www.rfc-editor.org/rfc/rfc6455.txt},
  year = 2011
}

@techreport{http-rfc,
	series =	{Request for Comments},
	number =	2616,
	howpublished =	{RFC 2616},
	publisher =	{RFC Editor},
	doi =		{10.17487/RFC2616},
	url =		{https://www.rfc-editor.org/info/rfc2616},
        author =	{Henrik Nielsen and Jeffrey Mogul and Larry M Masinter and Roy T. Fielding and Jim Gettys and Paul J. Leach and Tim Berners-Lee},
	title =		{Hypertext Transfer Protocol -- HTTP/1.1},
	pagetotal =	176,
	year =		1999,
	month =		jun,
	abstract =	{HTTP has been in use by the World-Wide Web global information initiative since 1990. This specification defines the protocol referred to as "HTTP/1.1", and is an update to RFC 2068. {[}STANDARDS-TRACK{]}},
}

@book{gamma-1995,
	author = {Gamma, Erich and Johnson, Ralph and Helm, Richard and Johnson, Ralph E.. and Vlissides, John and Erich Gamma, R.H.R.J.J.V. and Booch, G. and {Addison-Wesley}},
	publisher = {Addison-Wesley},
	title = {Design Patterns},
	year = {1995},
}

@article{krasner-pope-88,
	author = {Krasner, Glenn and Pope, Stephen},
	year = {1988},
	month = {01},
	pages = {},
	title = {A cookbook for using the model-view controller user interface paradigm in Smalltalk-80},
	volume = {1},
	journal = {Journal of Object-oriented Programming - JOOP}
}

@Inbook{Friesen2019,
	author="Friesen, Jeff",
	title="Extracting JSON Values with JsonPath",
	bookTitle="Java XML and JSON: Document Processing for Java SE",
	year="2019",
	publisher="Apress",
	address="Berkeley, CA",
	pages="299--322",
	abstract="XPath is used to extract values from XML documents. JsonPath performs this task for JSON documents. Chapter 10introduces you to JsonPath.",
	isbn="978-1-4842-4330-5",
	doi="10.1007/978-1-4842-4330-5_10",
	url="https://doi.org/10.1007/978-1-4842-4330-5_10"
}

@Inbook{Odell2014,
	author="Odell, Den",
	title="Build Tools and Automation",
	bookTitle="Pro JavaScript Development: Coding, Capabilities, and Tooling",
	year="2014",
	publisher="Apress",
	address="Berkeley, CA",
	pages="391--422",
	abstract="The day-to-day workflow for web developers has remained largely unchanged for a number of years, and is largely a manual process of managing assets, writing code, and then testing that code in multiple browsers. Tools have existed for checking code quality and simplifying certain tasks, but these have been run manually and, as such, tend to get forgotten or run inconsistently, making it easy to ignore the results that such checks produce. Similarly, the management of third-party libraries has often been a case of copy-and-paste from project to project with little in the way of version control and management. Finally, the setting up of new projects often involves starting completely from scratch each time, despite the potential for reuse of code from other projects. In this chapter, I will look at the tools available to allow you to automate your development workflow and code release process, manage your third-party dependencies, and set up your projects with a reliable foundation each and every time.",
	isbn="978-1-4302-6269-5",
	doi="10.1007/978-1-4302-6269-5_15",
	url="https://doi.org/10.1007/978-1-4302-6269-5_15"
}
